<record><leader>00000cas a22000007a 4500</leader><controlfield tag="001">12358458</controlfield><controlfield tag="008">850807d19091921utuwr ne      0    0eng d</controlfield><datafield ind1=" " ind2=" " tag="010"><subfield code="a">sn 85058198 </subfield></datafield><datafield ind1=" " ind2=" " tag="040"><subfield code="a">UNP</subfield><subfield code="b">eng</subfield><subfield code="c">UNP</subfield><subfield code="d">UBY</subfield><subfield code="d">OCLCQ</subfield><subfield code="d">OCLCO</subfield></datafield><datafield ind1=" " ind2=" " tag="042"><subfield code="a">msc</subfield></datafield><datafield ind1=" " ind2=" " tag="043"><subfield code="a">n-us-ut</subfield></datafield><datafield ind1="0" ind2="4" tag="245"><subfield code="a">The Duchesne record.</subfield></datafield><datafield ind1="1" ind2="3" tag="246"><subfield code="a">Uinta record</subfield></datafield><datafield ind1=" " ind2=" " tag="260"><subfield code="a">Theodore [Duchesne], Utah :</subfield><subfield code="b">Duchesne Pub. Co.</subfield></datafield><datafield ind1=" " ind2=" " tag="300"><subfield code="a">v. :</subfield><subfield code="b">ill. ;</subfield><subfield code="c">55 cm.</subfield></datafield><datafield ind1=" " ind2=" " tag="310"><subfield code="a">Weekly</subfield></datafield><datafield ind1="1" ind2=" " tag="362"><subfield code="a">Began with Apr. 8, 1909 issue.</subfield><subfield code="z">Cf. Alter, J.C. Early Utah journalism.</subfield></datafield><datafield ind1="1" ind2=" " tag="362"><subfield code="a">Ceased in Sept. 1921.</subfield><subfield code="z">Cf. May 26, 1922 issue of Duchesne courier.</subfield></datafield><datafield ind1=" " ind2=" " tag="500"><subfield code="a">Town of Theodore changed name to Duchesne in Apr. 1911.</subfield></datafield><datafield ind1=" " ind2=" " tag="500"><subfield code="a">Duchesne County organized out of Wasatch County, Jan. 4, 1915.</subfield></datafield><datafield ind1=" " ind2=" " tag="500"><subfield code="a">Published in Myton, Utah, May 6, 1910-Dec. 26, 1914.</subfield></datafield><datafield ind1=" " ind2=" " tag="525"><subfield code="a">Supplements issued Oct. 30, 1914, Jan. 9, 1915, Feb. 13, 1915, Mar. 9-Mar. 30, 1918, and Apr. 15, 1920.</subfield></datafield><datafield ind1=" " ind2=" " tag="525"><subfield code="a">Special "Industrial edition" issued Dec. 20, 1915.</subfield></datafield><datafield ind1=" " ind2=" " tag="580"><subfield code="a">Absorbed: Uintah chieftain, and: Uintah standard (non-extant?).</subfield></datafield><datafield ind1=" " ind2=" " tag="588"><subfield code="a">Description based on: Vol. 1, no. 51 (Mar. 25, 1910).</subfield></datafield><datafield ind1=" " ind2="0" tag="651"><subfield code="a">Duchesne (Utah)}vNewspapers.</subfield></datafield><datafield ind1=" " ind2="0" tag="651"><subfield code="a">Duchesne County (Utah)</subfield><subfield code="v">Newspapers.</subfield></datafield><datafield ind1=" " ind2="0" tag="651"><subfield code="a">Wasatch County (Utah)</subfield><subfield code="v">Newspapers.</subfield></datafield><datafield ind1=" " ind2="0" tag="651"><subfield code="a">Myton (Utah)</subfield><subfield code="v">Newspapers.</subfield></datafield><datafield ind1=" " ind2="0" tag="651"><subfield code="a">Theodore (Utah)</subfield><subfield code="v">Newspapers.</subfield></datafield><datafield ind1=" " ind2=" " tag="752"><subfield code="a">United States</subfield><subfield code="b">Utah</subfield><subfield code="c">Wasatch</subfield><subfield code="d">Theodore.</subfield></datafield><datafield ind1=" " ind2=" " tag="752"><subfield code="a">United States</subfield><subfield code="b">Utah</subfield><subfield code="c">Wasatch</subfield><subfield code="d">Myton.</subfield></datafield><datafield ind1=" " ind2=" " tag="752"><subfield code="a">United States</subfield><subfield code="b">Utah</subfield><subfield code="c">Duchesne</subfield><subfield code="d">Duchesne.</subfield></datafield><datafield ind1="1" ind2="5" tag="780"><subfield code="t">Uintah chieftain</subfield><subfield code="w">(DLC)sn 85058197</subfield><subfield code="w">(OCoLC)12358433</subfield></datafield><datafield ind1="1" ind2="5" tag="780"><subfield code="t">Uintah standard</subfield></datafield><datafield ind1="0" ind2="0" tag="785"><subfield code="t">Duchesne courier</subfield><subfield code="w">(DLC)sn 85058199</subfield><subfield code="w">(OCoLC)12358490</subfield></datafield></record>